
@ARTICLE{Li2018,
   author = {{Li}, T.~S. and {Simon}, J.~D. and {Kuehn}, K. and {Pace}, A.~B. and 
	{Erkal}, D. and {Bechtol}, K. and {Yanny}, B. and {Drlica-Wagner}, A. and 
	{Marshall}, J.~L. and {Lidman}, C. and {Balbinot}, E. and {Carollo}, D. and 
	{Jenkins}, S. and {Mart{\'{\i}}nez-V{\'a}zquez}, C.~E. and {Shipp}, N. and 
	{Stringer}, K.~M. and {Vivas}, A.~K. and {Walker}, A.~R. and 
	{Wechsler}, R.~H. and {Abdalla}, F.~B. and {Allam}, S. and {Annis}, J. and 
	{Avila}, S. and {Bertin}, E. and {Brooks}, D. and {Buckley-Geer}, E. and 
	{Burke}, D.~L. and {Carnero Rosell}, A. and {Carrasco Kind}, M. and 
	{Carretero}, J. and {Cunha}, C.~E. and {D'Andrea}, C.~B. and 
	{da Costa}, L.~N. and {Davis}, C. and {De Vicente}, J. and {Doel}, P. and 
	{Eifler}, T.~F. and {Evrard}, A.~E. and {Flaugher}, B. and {Frieman}, J. and 
	{Garc{\'{\i}}a-Bellido}, J. and {Gaztanaga}, E. and {Gerdes}, D.~W. and 
	{Gruen}, D. and {Gruendl}, R.~A. and {Gschwend}, J. and {Gutierrez}, G. and 
	{Hartley}, W.~G. and {Hollowood}, D.~L. and {Honscheid}, K. and 
	{James}, D.~J. and {Krause}, E. and {Maia}, M.~A.~G. and {March}, M. and 
	{Menanteau}, F. and {Miquel}, R. and {Plazas}, A.~A. and {Sanchez}, E. and 
	{Santiago}, B. and {Scarpine}, V. and {Schindler}, R. and {Schubnell}, M. and 
	{Sevilla-Noarbe}, I. and {Smith}, M. and {Smith}, R.~C. and 
	{Soares-Santos}, M. and {Sobreira}, F. and {Suchyta}, E. and 
	{Swanson}, M.~E.~C. and {Tarle}, G. and {Tucker}, D.~L. and 
	{DES Collaboration}},
    title = "{The First Tidally Disrupted Ultra-faint Dwarf Galaxy?: A Spectroscopic Analysis of the Tucana III Stream}",
  journal = {\apj},
archivePrefix = "arXiv",
   eprint = {1804.07761},
 keywords = {dark matter, galaxies: dwarf, galaxies: individual: Tucana III, Local Group, stars: abundances },
     year = 2018,
    month = oct,
   volume = 866,
      eid = {22},
    pages = {22},
      doi = {10.3847/1538-4357/aadf91},
   adsurl = {http://adsabs.harvard.edu/abs/2018ApJ...866...22L},
  adsnote = {Provided by the SAO/NASA Astrophysics Data System}
}


@ARTICLE{2018ApJ...866...22L,
   author = {{Li}, T.~S. and {Simon}, J.~D. and {Kuehn}, K. and {Pace}, A.~B. and 
	{Erkal}, D. and {Bechtol}, K. and {Yanny}, B. and {Drlica-Wagner}, A. and 
	{Marshall}, J.~L. and {Lidman}, C. and {Balbinot}, E. and {Carollo}, D. and 
	{Jenkins}, S. and {Mart{\'{\i}}nez-V{\'a}zquez}, C.~E. and {Shipp}, N. and 
	{Stringer}, K.~M. and {Vivas}, A.~K. and {Walker}, A.~R. and 
	{Wechsler}, R.~H. and {Abdalla}, F.~B. and {Allam}, S. and {Annis}, J. and 
	{Avila}, S. and {Bertin}, E. and {Brooks}, D. and {Buckley-Geer}, E. and 
	{Burke}, D.~L. and {Carnero Rosell}, A. and {Carrasco Kind}, M. and 
	{Carretero}, J. and {Cunha}, C.~E. and {D'Andrea}, C.~B. and 
	{da Costa}, L.~N. and {Davis}, C. and {De Vicente}, J. and {Doel}, P. and 
	{Eifler}, T.~F. and {Evrard}, A.~E. and {Flaugher}, B. and {Frieman}, J. and 
	{Garc{\'{\i}}a-Bellido}, J. and {Gaztanaga}, E. and {Gerdes}, D.~W. and 
	{Gruen}, D. and {Gruendl}, R.~A. and {Gschwend}, J. and {Gutierrez}, G. and 
	{Hartley}, W.~G. and {Hollowood}, D.~L. and {Honscheid}, K. and 
	{James}, D.~J. and {Krause}, E. and {Maia}, M.~A.~G. and {March}, M. and 
	{Menanteau}, F. and {Miquel}, R. and {Plazas}, A.~A. and {Sanchez}, E. and 
	{Santiago}, B. and {Scarpine}, V. and {Schindler}, R. and {Schubnell}, M. and 
	{Sevilla-Noarbe}, I. and {Smith}, M. and {Smith}, R.~C. and 
	{Soares-Santos}, M. and {Sobreira}, F. and {Suchyta}, E. and 
	{Swanson}, M.~E.~C. and {Tarle}, G. and {Tucker}, D.~L. and 
	{DES Collaboration}},
    title = "{The First Tidally Disrupted Ultra-faint Dwarf Galaxy?: A Spectroscopic Analysis of the Tucana III Stream}",
  journal = {\apj},
archivePrefix = "arXiv",
   eprint = {1804.07761},
 keywords = {dark matter, galaxies: dwarf, galaxies: individual: Tucana III, Local Group, stars: abundances },
     year = 2018,
    month = oct,
   volume = 866,
      eid = {22},
    pages = {22},
      doi = {10.3847/1538-4357/aadf91},
   adsurl = {http://adsabs.harvard.edu/abs/2018ApJ...866...22L},
  adsnote = {Provided by the SAO/NASA Astrophysics Data System}
}


@ARTICLE{Li2018ApJ...866...22L,
   author = {{Li}, T.~S. and {Simon}, J.~D. and {Kuehn}, K. and {Pace}, A.~B. and 
	{Erkal}, D. and {Bechtol}, K. and {Yanny}, B. and {Drlica-Wagner}, A. and 
	{Marshall}, J.~L. and {Lidman}, C. and {Balbinot}, E. and {Carollo}, D. and 
	{Jenkins}, S. and {Mart{\'{\i}}nez-V{\'a}zquez}, C.~E. and {Shipp}, N. and 
	{Stringer}, K.~M. and {Vivas}, A.~K. and {Walker}, A.~R. and 
	{Wechsler}, R.~H. and {Abdalla}, F.~B. and {Allam}, S. and {Annis}, J. and 
	{Avila}, S. and {Bertin}, E. and {Brooks}, D. and {Buckley-Geer}, E. and 
	{Burke}, D.~L. and {Carnero Rosell}, A. and {Carrasco Kind}, M. and 
	{Carretero}, J. and {Cunha}, C.~E. and {D'Andrea}, C.~B. and 
	{da Costa}, L.~N. and {Davis}, C. and {De Vicente}, J. and {Doel}, P. and 
	{Eifler}, T.~F. and {Evrard}, A.~E. and {Flaugher}, B. and {Frieman}, J. and 
	{Garc{\'{\i}}a-Bellido}, J. and {Gaztanaga}, E. and {Gerdes}, D.~W. and 
	{Gruen}, D. and {Gruendl}, R.~A. and {Gschwend}, J. and {Gutierrez}, G. and 
	{Hartley}, W.~G. and {Hollowood}, D.~L. and {Honscheid}, K. and 
	{James}, D.~J. and {Krause}, E. and {Maia}, M.~A.~G. and {March}, M. and 
	{Menanteau}, F. and {Miquel}, R. and {Plazas}, A.~A. and {Sanchez}, E. and 
	{Santiago}, B. and {Scarpine}, V. and {Schindler}, R. and {Schubnell}, M. and 
	{Sevilla-Noarbe}, I. and {Smith}, M. and {Smith}, R.~C. and 
	{Soares-Santos}, M. and {Sobreira}, F. and {Suchyta}, E. and 
	{Swanson}, M.~E.~C. and {Tarle}, G. and {Tucker}, D.~L. and 
	{DES Collaboration}},
    title = "{The First Tidally Disrupted Ultra-faint Dwarf Galaxy?: A Spectroscopic Analysis of the Tucana III Stream}",
  journal = {\apj},
archivePrefix = "arXiv",
   eprint = {1804.07761},
 keywords = {dark matter, galaxies: dwarf, galaxies: individual: Tucana III, Local Group, stars: abundances },
     year = 2018,
    month = oct,
   volume = 866,
      eid = {22},
    pages = {22},
      doi = {10.3847/1538-4357/aadf91},
   adsurl = {http://adsabs.harvard.edu/abs/2018ApJ...866...22L},
  adsnote = {Provided by the SAO/NASA Astrophysics Data System}
}